% Encoding: UTF-8

@TechReport{rm_L0,
  author      = {STMicroelectronics},
  institution = {STMicroelectronics},
  title       = {Reference manual RM0376},
  year        = {2022},
  month       = feb,
  comment     = {Ultra-low-power STM32L0x1 advanced Arm-based 32-bit MCUs},
}

@Book{Calvez_2,
  author = {J.P. Calvez},
  editor = {MASSON},
  title  = {Spécification et conception des systèmes - étude de cas},
  year   = {1991},
}

@Book{Calvez_1,
  author = {J.P. Calvez},
  editor = {MASSON},
  title  = {Spécification et conception des systèmes - une méthodologie},
  year   = {1991},
}

@TechReport{Tech_Man_Xilinx,
  author = {Xilinx},
  title  = {Zynq-7000 SoC Technical Reference Manual},
  year   = {2021},
  month  = nov,
  number = {UG940 v2016.4},
  type   = {techreport},
}

@TechReport{ILA_doc,
  author = {Xilinx},
  title  = {Embedded Processor Hardware Design},
  year   = {2016},
  month  = apr,
  number = {UG585 (v1.13)},
  type   = {techreport},
}

@Comment{jabref-meta: databaseType:bibtex;}
